
@article{dodd1968analytical,
 title={Analytical solutions to eddy-current probe-coil problems},
 author={Dodd, CV and Deeds, WE},
 journal={Journal of applied physics},
 volume={39},
 number={6},
 pages={2829--2838},
 year={1968},
 publisher={AIP}
}

@article{yonemori2014study,
 title={Study on the high frequency acoustic noise and vibration of a pan generated by an IH cooker},
 author={Yonemori, Hironobu and Fujiwara, Akihiro and Maruyama, Ryo and Kobayashi, Miki},
 journal={International Journal of Applied Electromagnetics and Mechanics},
 volume={45},
 number={1-4},
 pages={449--456},
 year={2014},
 publisher={IOS Press}
}

@Misc{nanjisei,
 author      = {JFEテクノリサーチ株式会社},
 title        = {軟磁性材料の磁気特性評価},
 note = { \url{ https://www.jfe-tec.co.jp/magnetic_material/evaluation/soft-magnetic.html} }
}

@Misc{sensor,
 author      = {KEYENCE},
 title        = {高速・高精度デジタル変位センサ},
 note = { \url{ https://www.keyence.co.jp/products/sensor/inductive/} }
}

@misc{久本正昭1998高周波誘導加熱電源,
  title={高周波誘導加熱電源},
  author={久本正昭},
  year={1998},
  publisher={富士時報}
}

@article{森2006周,
  title={周波数スイープ音波を用いた壁面加振によるコンクリート構造物の非破壊検査},
  author={森和也},
  journal={日本機械学会論文集 A 編},
  volume={72},
  number={723},
  pages={1787--1792},
  year={2006},
  publisher={一般社団法人 日本機械学会}
}

@misc{iwamoto2019semiF,
  title={2019年前期全体ゼミ資料・変動電磁界による振動を用いた発電機内部のき裂同定},
  year={2019},
}

@misc{TABUCHI,
  title={製品情報：IH調理器用コイル},
  author={田淵電機},
  note = { \url{ http://www.zbr.co.jp/products/transformer/coil_ih.html} }
}

@article{sodano2006non,
  title={Non-Contact eddy current excitation method for vibration testing},
  author={Sodano, Henry A},
  journal={Experimental Mechanics},
  volume={46},
  number={5},
  pages={627--635},
  year={2006},
  publisher={Springer}
}

@article{細2011レ,
  title={レーザーアブレーションを用いたインパルス加振に基づく振動実験解析法 (FRF 計測における力計測のセンサレス化)},
  author={細矢直基},
  journal={日本機械学会論文集 C 編},
  volume={77},
  number={773},
  pages={102--113},
  year={2011},
  publisher={一般社団法人 日本機械学会}
}

@misc{ECT,
  title={渦電流式変位センサの概要},
  author={Keyence},
  note = { \url{ https://www.keyence.co.jp/ss/products/sensor/sensorbasics/ed_info.jsp} }
}
